@BOOK{griffiths2005introduction,
  title={Introduction to Electrodynamics},
  author={Griffiths, David J},
  year={2017},
  publisher={Cambridge University Press},
  edition={4}
}

@BOOK{JACKSONEM,
author    = {John D. Jackson},
title     = {Classical Electrodynamics},
publisher = {Wiley},
year      = {1998},
edition   = {3}
}

@ARTICLE{MAYROB,
author  = {W. M. Robertson,M. S. May},
title   = {Surface electromagnetic wave excitation on one-dimensional photonic band-gap arrays},
year    = {1999},
journal = {Applied Physics Letters},
volume  = 74,
number  = 13,
pages   = {1800-1802}
}

@ARTICLE{JLTROB:1,
author  = {William M. Robertson},
title   = {Experimental Measurement of the Effect of Termination on Surface Electromagnetic Waves in One-Dimensional Photonic Bandgap Arrays},
year    = {1999},
journal = {Journal of Lightwave Technology},
volume  = 17,
number  = 11,
pages   = {2013-2017}
}

@ARTICLE{SHINNROB,
author  = {M. Shinn, W. M. Robertson},
title   = {Surface plasmon-like sensor based on surface electromagnetic waves in a photonic band-gap material},
year    = {2004},
journal = {Sensors and Actuators B},
volume  = {104},
pages   = {360-364}
}
@article{yeh1977electromagnetic,
  title={Electromagnetic propagation in periodic stratified media. I. General theory},
  author={Yeh, Pochi and Yariv, Amnon and Hong, Chi-Shain},
  journal={JOSA},
  volume={67},
  number={4},
  pages={423--438},
  year={1977},
  publisher={Optical Society of America}
}

@article{johnson1972optical,
  title={Optical constants of the noble metals},
  author={Johnson, Peter B and Christy, R-W\_},
  journal={Physical review B},
  volume={6},
  number={12},
  pages={4370},
  year={1972},
  publisher={APS}
}