@misc{GRIFFITHSEM,
  title={Introduction to electrodynamics},
  author={Griffiths, David J},
  year={2005},
  publisher={AAPT}
}